<record><leader>00000cas a2200000 a 4500</leader><controlfield tag="001">12092213</controlfield><controlfield tag="008">850529c19629999ksuwr ne      0    0eng d</controlfield><datafield ind1=" " ind2=" " tag="010"><subfield code="a">sn 85030341 </subfield></datafield><datafield ind1=" " ind2=" " tag="040"><subfield code="a">KSH</subfield><subfield code="b">eng</subfield><subfield code="c">KSH</subfield><subfield code="d">NPT</subfield><subfield code="d">OCL</subfield><subfield code="d">OCLCQ</subfield></datafield><datafield ind1=" " ind2=" " tag="042"><subfield code="a">msc</subfield></datafield><datafield ind1="0" ind2="4" tag="245"><subfield code="a">The Weekly Beloit call gazette.</subfield></datafield><datafield ind1="3" ind2="0" tag="246"><subfield code="a">Beloit daily call-the weekly call-gazette</subfield><subfield code="f">May 6, 1976</subfield></datafield><datafield ind1=" " ind2=" " tag="260"><subfield code="a">Beloit, Kan. :</subfield><subfield code="b">Alan B. Houghton and Delmar L. Wicks,</subfield><subfield code="c">1962-</subfield></datafield><datafield ind1=" " ind2=" " tag="300"><subfield code="a">v. :</subfield><subfield code="b">ill. ;</subfield><subfield code="c">59 cm.</subfield></datafield><datafield ind1=" " ind2=" " tag="310"><subfield code="a">Weekly</subfield></datafield><datafield ind1="0" ind2=" " tag="362"><subfield code="a">Vol. 91, no. 18 (Aug. 2, 1962)-</subfield></datafield><datafield ind1=" " ind2=" " tag="500"><subfield code="a">Published by: Alan B. Houghton, May 8, 1969-Mar. 10, 1977; Guy Hiltz, Mar. 17, 1977-</subfield></datafield><datafield ind1=" " ind2=" " tag="515"><subfield code="a">Continues the numbering of: Beloit gazette.</subfield></datafield><datafield ind1=" " ind2=" " tag="580"><subfield code="a">Issued also in daily edition called: Beloit daily call (Beloit, Kan. : Daily).</subfield></datafield><datafield ind1=" " ind2=" " tag="752"><subfield code="a">United States</subfield><subfield code="b">Kansas</subfield><subfield code="c">Mitchell</subfield><subfield code="d">Beloit.</subfield></datafield><datafield ind1="1" ind2=" " tag="775"><subfield code="t">Beloit daily call (Beloit, Kan. : Daily)</subfield><subfield code="w">(DLC)sn 84006950</subfield></datafield><datafield ind1="0" ind2="0" tag="780"><subfield code="t">Beloit daily call and weekly call-gazette</subfield><subfield code="w">(DLC)sn 85030349</subfield></datafield><datafield ind1="1" ind2=" " tag="029"><subfield code="a">AU@</subfield><subfield code="b">000020378509</subfield></datafield></record>